[gd_scene load_steps=13 format=2]

[ext_resource path="res://Prefabs/Old House.tscn" type="PackedScene" id=1]
[ext_resource path="res://Prefabs/ui.tscn" type="PackedScene" id=2]
[ext_resource path="res://Prefabs/Fence_1.tscn" type="PackedScene" id=3]
[ext_resource path="res://Prefabs/Road.tscn" type="PackedScene" id=4]
[ext_resource path="res://Scripts/Get_self.gd" type="Script" id=5]

[sub_resource type="PlaneMesh" id=1]

[sub_resource type="SpatialMaterial" id=2]
albedo_color = Color( 0, 0.501961, 0.0901961, 1 )

[sub_resource type="ConcavePolygonShape" id=3]
data = PoolVector3Array( 1, 0, 1, -1, 0, 1, 1, 0, -1, -1, 0, 1, -1, 0, -1, 1, 0, -1 )

[sub_resource type="QuadMesh" id=4]

[sub_resource type="OpenSimplexNoise" id=6]
seed = 89
period = 86.4
lacunarity = 2.79

[sub_resource type="NoiseTexture" id=7]
width = 1000
height = 1000
as_normalmap = true
bump_strength = 9.1
noise = SubResource( 6 )

[sub_resource type="SpatialMaterial" id=5]
albedo_color = Color( 0.33, 0.1287, 0.1287, 1 )
albedo_texture = SubResource( 7 )
normal_enabled = true
normal_scale = 5.33
normal_texture = SubResource( 7 )
depth_enabled = true
depth_scale = 0.0
depth_deep_parallax = true
depth_min_layers = 1
depth_max_layers = 32
depth_flip_tangent = false
depth_flip_binormal = false

[node name="Root" type="Spatial"]

[node name="Ground" type="MeshInstance" parent="."]
transform = Transform( 60, 0, 0, 0, 1, 0, 0, 0, 60, -10.521, 0, -9.13163 )
mesh = SubResource( 1 )
material/0 = SubResource( 2 )

[node name="StaticBody" type="StaticBody" parent="Ground"]

[node name="CollisionShape" type="CollisionShape" parent="Ground/StaticBody"]
shape = SubResource( 3 )

[node name="DirectionalLight" type="DirectionalLight" parent="."]
transform = Transform( 0.551383, -0.668857, 0.498606, 0.210661, 0.689928, 0.692547, -0.807217, -0.276822, 0.521316, 0, 3.58651, 0 )
light_color = Color( 1, 0.833333, 0, 1 )
light_energy = 4.5
shadow_enabled = true
directional_shadow_split_1 = 0.334
directional_shadow_split_2 = 0.157
directional_shadow_split_3 = 0.4
directional_shadow_blend_splits = true
directional_shadow_normal_bias = 0.0
directional_shadow_bias_split_scale = 1.0

[node name="Control" parent="." instance=ExtResource( 2 )]

[node name="Camera" type="Camera" parent="."]
transform = Transform( -4.37114e-08, -0.555382, 0.831596, 0, 0.831596, 0.555382, -1, 2.42765e-08, -3.63502e-08, 23.4442, 19.5438, 0 )
projection = 1
current = true
size = 40.0

[node name="House" parent="." instance=ExtResource( 1 )]
transform = Transform( 0.866025, 0, -0.5, 0, 1, 0, 0.5, 0, 0.866025, -29.244, 1.298, 1.59667 )

[node name="Fence" type="Spatial" parent="."]

[node name="Spatial1" parent="Fence" instance=ExtResource( 3 )]
transform = Transform( 1, 0, 0, 0, 1, 0, 0, 0, 1, -19.351, 1.00068, 9.57033 )

[node name="Spatial2" parent="Fence" instance=ExtResource( 3 )]
transform = Transform( 1, 0, 0, 0, 1, 0, 0, 0, 1, -16.0792, 0.994198, 9.51841 )

[node name="Spatial3" parent="Fence" instance=ExtResource( 3 )]
transform = Transform( 1, 0, 0, 0, 1, 0, 0, 0, 1, -12.8691, 0.977926, 9.6522 )

[node name="Spatial4" parent="Fence" instance=ExtResource( 3 )]
transform = Transform( 1, 0, 0, 0, 1, 0, 0, 0, 1, -9.60705, 1.00068, 9.57033 )

[node name="Spatial5" parent="Fence" instance=ExtResource( 3 )]
transform = Transform( 1, 0, 0, 0, 1, 0, 0, 0, 1, -6.33527, 0.994198, 9.51841 )

[node name="Spatial6" parent="Fence" instance=ExtResource( 3 )]
transform = Transform( 1, 0, 0, 0, 1, 0, 0, 0, 1, -3.12516, 0.977926, 9.6522 )

[node name="Spatial7" parent="Fence" instance=ExtResource( 3 )]
transform = Transform( 1, 0, 0, 0, 1, 0, 0, 0, 1, 0.154788, 1.00068, 9.57033 )

[node name="Spatial8" parent="Fence" instance=ExtResource( 3 )]
transform = Transform( 1, 0, 0, 0, 1, 0, 0, 0, 1, 3.42656, 0.994198, 9.51841 )

[node name="Spatial9" parent="Fence" instance=ExtResource( 3 )]
transform = Transform( 1, 0, 0, 0, 1, 0, 0, 0, 1, 6.63667, 0.977926, 9.6522 )

[node name="Spatial10" parent="Fence" instance=ExtResource( 3 )]
transform = Transform( 1, 0, 0, 0, 1, 0, 0, 0, 1, 9.91796, 1.00068, 9.57033 )

[node name="Spatial11" parent="Fence" instance=ExtResource( 3 )]
transform = Transform( 1, 0, 0, 0, 1, 0, 0, 0, 1, 13.1897, 0.994198, 9.51841 )

[node name="Spatial12" parent="Fence" instance=ExtResource( 3 )]
transform = Transform( 1, 0, 0, 0, 1, 0, 0, 0, 1, 16.3998, 0.977926, 9.6522 )

[node name="Spatial13" parent="Fence" instance=ExtResource( 3 )]
transform = Transform( 1, 0, 0, 0, 1, 0, 0, 0, 1, 19.6619, 1.00068, 9.57033 )

[node name="Spatial14" parent="Fence" instance=ExtResource( 3 )]
transform = Transform( 1, 0, 0, 0, 1, 0, 0, 0, 1, 22.9337, 0.994198, 9.51841 )

[node name="Spatial15" parent="Fence" instance=ExtResource( 3 )]
transform = Transform( 1, 0, 0, 0, 1, 0, 0, 0, 1, 26.1438, 0.977926, 9.6522 )

[node name="Spatial16" parent="Fence" instance=ExtResource( 3 )]
transform = Transform( -4.37114e-08, 0, 1, 0, 1, 0, -1, 0, -4.37114e-08, 29.1024, 1.00068, 9.16477 )

[node name="Spatial17" parent="Fence" instance=ExtResource( 3 )]
transform = Transform( -4.37114e-08, 0, 1, 0, 1, 0, -1, 0, -4.37114e-08, 29.1297, 0.994198, 6.03163 )

[node name="Spatial18" parent="Fence" instance=ExtResource( 3 )]
transform = Transform( -4.37114e-08, 0, 1, 0, 1, 0, -1, 0, -4.37114e-08, 29.1208, 0.977926, -3.43089 )

[node name="Spatial19" parent="Fence" instance=ExtResource( 3 )]
transform = Transform( -4.37114e-08, 0, 1, 0, 1, 0, -1, 0, -4.37114e-08, 29.1208, 0.977926, -6.6126 )

[node name="Spatial20" parent="Fence" instance=ExtResource( 3 )]
transform = Transform( -1, 0, -8.74228e-08, 0, 1, 0, 8.74228e-08, 0, -1, -16.6188, 1.00068, -9.73083 )

[node name="Spatial21" parent="Fence" instance=ExtResource( 3 )]
transform = Transform( -1, 0, -8.74228e-08, 0, 1, 0, 8.74228e-08, 0, -1, -13.347, 0.994198, -9.78275 )

[node name="Spatial22" parent="Fence" instance=ExtResource( 3 )]
transform = Transform( -1, 0, -8.74228e-08, 0, 1, 0, 8.74228e-08, 0, -1, -10.1369, 0.977926, -9.64896 )

[node name="Spatial23" parent="Fence" instance=ExtResource( 3 )]
transform = Transform( -1, 0, -8.74228e-08, 0, 1, 0, 8.74228e-08, 0, -1, -6.87486, 1.00068, -9.73083 )

[node name="Spatial24" parent="Fence" instance=ExtResource( 3 )]
transform = Transform( -1, 0, -8.74228e-08, 0, 1, 0, 8.74228e-08, 0, -1, -3.60309, 0.994198, -9.78275 )

[node name="Spatial25" parent="Fence" instance=ExtResource( 3 )]
transform = Transform( -1, 0, -8.74228e-08, 0, 1, 0, 8.74228e-08, 0, -1, -0.392978, 0.977926, -9.64896 )

[node name="Spatial26" parent="Fence" instance=ExtResource( 3 )]
transform = Transform( -1, 0, -8.74228e-08, 0, 1, 0, 8.74228e-08, 0, -1, 2.88697, 1.00068, -9.73083 )

[node name="Spatial27" parent="Fence" instance=ExtResource( 3 )]
transform = Transform( -1, 0, -8.74228e-08, 0, 1, 0, 8.74228e-08, 0, -1, 6.15874, 0.994198, -9.78275 )

[node name="Spatial28" parent="Fence" instance=ExtResource( 3 )]
transform = Transform( -1, 0, -8.74228e-08, 0, 1, 0, 8.74228e-08, 0, -1, 9.36885, 0.977926, -9.64896 )

[node name="Spatial29" parent="Fence" instance=ExtResource( 3 )]
transform = Transform( -1, 0, -8.74228e-08, 0, 1, 0, 8.74228e-08, 0, -1, 12.6501, 1.00068, -9.65127 )

[node name="Spatial30" parent="Fence" instance=ExtResource( 3 )]
transform = Transform( -1, 0, -8.74228e-08, 0, 1, 0, 8.74228e-08, 0, -1, 15.9219, 0.994198, -9.78275 )

[node name="Spatial31" parent="Fence" instance=ExtResource( 3 )]
transform = Transform( -1, 0, -8.74228e-08, 0, 1, 0, 8.74228e-08, 0, -1, 19.132, 0.977926, -9.93059 )

[node name="Spatial32" parent="Fence" instance=ExtResource( 3 )]
transform = Transform( -1, 0, -8.74228e-08, 0, 1, 0, 8.74228e-08, 0, -1, 22.3941, 1.00068, -9.73083 )

[node name="Spatial33" parent="Fence" instance=ExtResource( 3 )]
transform = Transform( -1, 0, -8.74228e-08, 0, 1, 0, 8.74228e-08, 0, -1, 25.6658, 0.994198, -9.78275 )

[node name="Spatial34" parent="Fence" instance=ExtResource( 3 )]
transform = Transform( -1, 0, -8.74228e-08, 0, 1, 0, 8.74228e-08, 0, -1, 28.8759, 0.977926, -9.64896 )

[node name="Spatial35" parent="Fence" instance=ExtResource( 3 )]
transform = Transform( 1, 0, 0, 0, 1, 0, 0, 0, 1, -35.5496, 1.00068, 9.57033 )

[node name="Spatial36" parent="Fence" instance=ExtResource( 3 )]
transform = Transform( 1, 0, 0, 0, 1, 0, 0, 0, 1, -32.2778, 0.994198, 9.51841 )

[node name="Spatial37" parent="Fence" instance=ExtResource( 3 )]
transform = Transform( 1, 0, 0, 0, 1, 0, 0, 0, 1, -29.0677, 0.977926, 9.6522 )

[node name="Spatial38" parent="Fence" instance=ExtResource( 3 )]
transform = Transform( 1, 0, 0, 0, 1, 0, 0, 0, 1, -25.8057, 1.00068, 9.57033 )

[node name="Spatial39" parent="Fence" instance=ExtResource( 3 )]
transform = Transform( 1, 0, 0, 0, 1, 0, 0, 0, 1, -22.5339, 0.994198, 9.51841 )

[node name="Spatial40" parent="Fence" instance=ExtResource( 3 )]
transform = Transform( -1, 0, -8.74228e-08, 0, 1, 0, 8.74228e-08, 0, -1, -32.8174, 1.00068, -9.73083 )

[node name="Spatial41" parent="Fence" instance=ExtResource( 3 )]
transform = Transform( -1, 0, -8.74228e-08, 0, 1, 0, 8.74228e-08, 0, -1, -29.5457, 0.994198, -9.78275 )

[node name="Spatial42" parent="Fence" instance=ExtResource( 3 )]
transform = Transform( -1, 0, -8.74228e-08, 0, 1, 0, 8.74228e-08, 0, -1, -26.3355, 0.977926, -9.64896 )

[node name="Spatial43" parent="Fence" instance=ExtResource( 3 )]
transform = Transform( -1, 0, -8.74228e-08, 0, 1, 0, 8.74228e-08, 0, -1, -23.0735, 1.00068, -9.73083 )

[node name="Spatial44" parent="Fence" instance=ExtResource( 3 )]
transform = Transform( -1, 0, -8.74228e-08, 0, 1, 0, 8.74228e-08, 0, -1, -19.8017, 0.994198, -9.78275 )

[node name="Spatial45" parent="Fence" instance=ExtResource( 3 )]
transform = Transform( -4.37114e-08, 0, -1, 0, 1, 0, 1, 0, -4.37114e-08, -35.9408, 0.994198, -9.49465 )

[node name="Spatial46" parent="Fence" instance=ExtResource( 3 )]
transform = Transform( -4.37114e-08, 0, -1, 0, 1, 0, 1, 0, -4.37114e-08, -35.9408, 0.994198, -6.30015 )

[node name="Spatial47" parent="Fence" instance=ExtResource( 3 )]
transform = Transform( -4.37114e-08, 0, -1, 0, 1, 0, 1, 0, -4.37114e-08, -35.9408, 0.994198, -2.27961 )

[node name="Spatial48" parent="Fence" instance=ExtResource( 3 )]
transform = Transform( -4.37114e-08, 0, -1, 0, 1, 0, 1, 0, -4.37114e-08, -35.9408, 0.994198, 3.44857 )

[node name="Spatial49" parent="Fence" instance=ExtResource( 3 )]
transform = Transform( -4.37114e-08, 0, -1, 0, 1, 0, 1, 0, -4.37114e-08, -35.9408, 0.994198, 6.59879 )

[node name="Road" type="Spatial" parent="."]

[node name="Road" parent="Road" instance=ExtResource( 4 )]
transform = Transform( 0.36343, 0, 0.931621, 0, 1, 0, -0.931621, 0, 0.36343, -19.7303, 0, 1.05577 )

[node name="Road2" parent="Road" instance=ExtResource( 4 )]
transform = Transform( 0.111833, 0, 0.993727, 0, 1, 0, -0.993727, 0, 0.111833, -18.0186, 0, 1.53458 )

[node name="Road3" parent="Road" instance=ExtResource( 4 )]
transform = Transform( -4.37114e-08, 0, 1, 0, 1, 0, -1, 0, -4.37114e-08, -16.3682, 0, 1.64417 )

[node name="Road4" parent="Road" instance=ExtResource( 4 )]
transform = Transform( -0.139847, 0, 0.990173, 0, 1, 0, -0.990173, 0, -0.139847, -14.7499, 0, 1.64417 )

[node name="Road5" parent="Road" instance=ExtResource( 4 )]
transform = Transform( -0.209823, 0, 0.977739, 0, 1, 0, -0.977739, 0, -0.209823, -13.1291, 0, 1.33946 )

[node name="Road6" parent="Road" instance=ExtResource( 4 )]
transform = Transform( -0.220442, 0, 0.9754, 0, 1, 0, -0.9754, 0, -0.220442, -11.5528, 0, 0.901708 )

[node name="Road7" parent="Road" instance=ExtResource( 4 )]
transform = Transform( -0.177875, 0, 0.984053, 0, 1, 0, -0.984053, 0, -0.177875, -9.88916, 0, 0.619992 )

[node name="Road8" parent="Road" instance=ExtResource( 4 )]
transform = Transform( -0.141886, 0, 0.989883, 0, 1, 0, -0.989883, 0, -0.141886, -8.25526, 0, 0.406005 )

[node name="Road9" parent="Road" instance=ExtResource( 4 )]
transform = Transform( -0.141886, 0, 0.989883, 0, 1, 0, -0.989883, 0, -0.141886, -6.53525, 0, 0.178549 )

[node name="Road10" parent="Road" instance=ExtResource( 4 )]
transform = Transform( -0.0620764, 0, 0.998071, 0, 1, 0, -0.998071, 0, -0.0620764, -4.85152, 0, 0.0288445 )

[node name="Road11" parent="Road" instance=ExtResource( 4 )]
transform = Transform( -0.0620764, 0, 0.998071, 0, 1, 0, -0.998071, 0, -0.0620764, -3.06207, 0, 0.0288445 )

[node name="Road12" parent="Road" instance=ExtResource( 4 )]
transform = Transform( -4.37114e-08, 0, 1, 0, 1, 0, -1, 0, -4.37114e-08, -1.30809, 0, 0.0288445 )

[node name="Road13" parent="Road" instance=ExtResource( 4 )]
transform = Transform( -4.37114e-08, 0, 1, 0, 1, 0, -1, 0, -4.37114e-08, 0.481361, 0, 0.0288445 )

[node name="Road14" parent="Road" instance=ExtResource( 4 )]
transform = Transform( -4.37114e-08, 0, 1, 0, 1, 0, -1, 0, -4.37114e-08, 2.14892, 0, 0.0288445 )

[node name="Road15" parent="Road" instance=ExtResource( 4 )]
transform = Transform( -4.37114e-08, 0, 1, 0, 1, 0, -1, 0, -4.37114e-08, 3.93837, 0, 0.0288445 )

[node name="Road16" parent="Road" instance=ExtResource( 4 )]
transform = Transform( -4.37114e-08, 0, 1, 0, 1, 0, -1, 0, -4.37114e-08, 5.64915, 0, 0.0288445 )

[node name="Road17" parent="Road" instance=ExtResource( 4 )]
transform = Transform( -4.37114e-08, 0, 1, 0, 1, 0, -1, 0, -4.37114e-08, 7.43859, 0, 0.0288445 )

[node name="Road18" parent="Road" instance=ExtResource( 4 )]
transform = Transform( -4.37114e-08, 0, 1, 0, 1, 0, -1, 0, -4.37114e-08, 9.10616, 0, 0.0288445 )

[node name="Road19" parent="Road" instance=ExtResource( 4 )]
transform = Transform( -4.37114e-08, 0, 1, 0, 1, 0, -1, 0, -4.37114e-08, 10.8956, 0, 0.0288445 )

[node name="Road20" parent="Road" instance=ExtResource( 4 )]
transform = Transform( -4.37114e-08, 0, 1, 0, 1, 0, -1, 0, -4.37114e-08, 12.6252, 0, 0.0288445 )

[node name="Road21" parent="Road" instance=ExtResource( 4 )]
transform = Transform( -4.37114e-08, 0, 1, 0, 1, 0, -1, 0, -4.37114e-08, 14.4147, 0, 0.0288445 )

[node name="Road22" parent="Road" instance=ExtResource( 4 )]
transform = Transform( -4.37114e-08, 0, 1, 0, 1, 0, -1, 0, -4.37114e-08, 16.0822, 0, 0.0288445 )

[node name="Road23" parent="Road" instance=ExtResource( 4 )]
transform = Transform( -4.37114e-08, 0, 1, 0, 1, 0, -1, 0, -4.37114e-08, 17.8717, 0, 0.0288445 )

[node name="Road24" parent="Road" instance=ExtResource( 4 )]
transform = Transform( -4.37114e-08, 0, 1, 0, 1, 0, -1, 0, -4.37114e-08, 19.5825, 0, 0.0288445 )

[node name="Road25" parent="Road" instance=ExtResource( 4 )]
transform = Transform( -4.37114e-08, 0, 1, 0, 1, 0, -1, 0, -4.37114e-08, 21.3719, 0, 0.0288445 )

[node name="Road26" parent="Road" instance=ExtResource( 4 )]
transform = Transform( -4.37114e-08, 0, 1, 0, 1, 0, -1, 0, -4.37114e-08, 23.0395, 0, 0.0288445 )

[node name="Road27" parent="Road" instance=ExtResource( 4 )]
transform = Transform( -4.37114e-08, 0, 1, 0, 1, 0, -1, 0, -4.37114e-08, 24.8289, 0, 0.0288445 )

[node name="Road28" parent="Road" instance=ExtResource( 4 )]
transform = Transform( -4.37114e-08, 0, 1, 0, 1, 0, -1, 0, -4.37114e-08, 26.527, 0, 0.0288445 )

[node name="Road29" parent="Road" instance=ExtResource( 4 )]
transform = Transform( -4.37114e-08, 0, 1, 0, 1, 0, -1, 0, -4.37114e-08, 28.3164, 0, 0.0288445 )

[node name="Beds" type="Spatial" parent="."]

[node name="MeshInstance1" type="MeshInstance" parent="Beds"]
transform = Transform( 7.78451, 0, 0, 0, -4.37114e-08, 1, 0, -4.29544, -1.8776e-07, -2.10239, 0.0722365, -5.01455 )
mesh = SubResource( 4 )
skeleton = NodePath("../..")
material/0 = SubResource( 5 )
script = ExtResource( 5 )
id = 3

[node name="MeshInstance2" type="MeshInstance" parent="Beds"]
transform = Transform( 7.78451, 0, 0, 0, -4.37114e-08, 1, 0, -4.29544, -1.8776e-07, 8.8127, 0.0722365, -5.01455 )
mesh = SubResource( 4 )
skeleton = NodePath("../..")
material/0 = SubResource( 5 )
script = ExtResource( 5 )
id = 4

[node name="MeshInstance3" type="MeshInstance" parent="Beds"]
transform = Transform( 7.78451, 0, 0, 0, -4.37114e-08, 1, 0, -4.29544, -1.8776e-07, 20.6503, 0.0722365, -5.01455 )
mesh = SubResource( 4 )
skeleton = NodePath("../..")
material/0 = SubResource( 5 )
script = ExtResource( 5 )
id = 5

[node name="MeshInstance4" type="MeshInstance" parent="Beds"]
transform = Transform( 7.78451, 0, 0, 0, -4.37114e-08, 1, 0, -4.29544, -1.8776e-07, -2.27198, 0.0722365, 5.15173 )
mesh = SubResource( 4 )
skeleton = NodePath("../..")
material/0 = SubResource( 5 )
script = ExtResource( 5 )

[node name="MeshInstance5" type="MeshInstance" parent="Beds"]
transform = Transform( 7.78451, 0, 0, 0, -4.37114e-08, 1, 0, -4.29544, -1.8776e-07, 8.64311, 0.0722365, 5.15173 )
mesh = SubResource( 4 )
skeleton = NodePath("../..")
material/0 = SubResource( 5 )
script = ExtResource( 5 )
id = 1

[node name="MeshInstance6" type="MeshInstance" parent="Beds"]
transform = Transform( 7.78451, 0, 0, 0, -4.37114e-08, 1, 0, -4.29544, -1.8776e-07, 20.4807, 0.0722365, 5.15173 )
mesh = SubResource( 4 )
skeleton = NodePath("../..")
material/0 = SubResource( 5 )
script = ExtResource( 5 )
id = 2
